<?xml version="1.0" encoding="UTF-8"?>
<record xmlns="http://www.loc.gov/MARC21/slim" xmlns:xsi="http://www.w3.org/2001/XMLSchema-instance" xsi:schemaLocation="http://www.loc.gov/MARC21/slim http://www.loc.gov/standards/marcxml/schema/MARC21slim.xsd">
<leader>00000cam a22      i 4500</leader>
<controlfield tag="001">001679315</controlfield>
<controlfield tag="003">NNU</controlfield>
<controlfield tag="005">20150803180830.0</controlfield>
<controlfield tag="008">020109s1962    sy            000 0 ara d</controlfield>
<datafield tag="035" ind1=" " ind2=" ">
<subfield code="a">(OCoLC)49002192</subfield>
</datafield>
<datafield tag="040" ind1=" " ind2=" ">
<subfield code="a">ERL</subfield>
<subfield code="b">eng</subfield>
<subfield code="c">ERL</subfield>
<subfield code="d">OCLCQ</subfield>
<subfield code="d">OCLCF</subfield>
<subfield code="d">OCLCQ</subfield>
<subfield code="d">OCLCO</subfield>
<subfield code="d">NNU</subfield>
</datafield>
<datafield tag="043" ind1=" " ind2=" ">
<subfield code="a">a------</subfield>
<subfield code="a">f------</subfield>
</datafield>
<datafield tag="050" ind1=" " ind2="4">
<subfield code="a">HD7236</subfield>
<subfield code="b">.Z3 1962</subfield>
</datafield>
<datafield tag="100" ind1="1" ind2=" ">
<subfield code="6">880-01</subfield>
<subfield code="a">Zarqāʼ, Muṣṭafá Aḥmad.</subfield>
</datafield>
<datafield tag="245" ind1="1" ind2="0">
<subfield code="6">880-02</subfield>
<subfield code="a">ʻAqd al-taʼmīn (al-sawkarah) wa-mawqif al-sharīʻah al-Islāmīyah minh :</subfield>
<subfield code="b">wa-huwa muḥāḍarah ulqiyat fī Muʼtamar Usbūʻ al-Fiqh al-Islāmī alladhī uqīma fī Dimashq fī 1-6 min Naysān 1961, maʻa al-munāqashāt allatī dārat ḥawlahā fī al-muʼtamar /</subfield>
<subfield code="c">Muṣṭafá Aḥmad al-Zarqāʼ.</subfield>
</datafield>
<datafield tag="260" ind1=" " ind2=" ">
<subfield code="6">880-03</subfield>
<subfield code="a">Dimashq :</subfield>
<subfield code="b">Maṭbaʻat Jāmiʻat Dimashq,</subfield>
<subfield code="c">1962.</subfield>
</datafield>
<datafield tag="300" ind1=" " ind2=" ">
<subfield code="a">112 pages ;</subfield>
<subfield code="c">24 cm</subfield>
</datafield>
<datafield tag="336" ind1=" " ind2=" ">
<subfield code="a">text</subfield>
<subfield code="b">txt</subfield>
<subfield code="2">rdacontent</subfield>
</datafield>
<datafield tag="337" ind1=" " ind2=" ">
<subfield code="a">unmediated</subfield>
<subfield code="b">n</subfield>
<subfield code="2">rdamedia</subfield>
</datafield>
<datafield tag="338" ind1=" " ind2=" ">
<subfield code="a">volume</subfield>
<subfield code="b">nc</subfield>
<subfield code="2">rdacarrier</subfield>
</datafield>
<datafield tag="650" ind1=" " ind2="0">
<subfield code="a">Insurance</subfield>
<subfield code="z">Islamic countries.</subfield>
</datafield>
<datafield tag="650" ind1=" " ind2="0">
<subfield code="a">Insurance law (Islamic law)</subfield>
</datafield>
<datafield tag="650" ind1=" " ind2="7">
<subfield code="a">Insurance.</subfield>
<subfield code="2">fast</subfield>
<subfield code="0">(OCoLC)fst00974532</subfield>
</datafield>
<datafield tag="650" ind1=" " ind2="7">
<subfield code="a">Insurance law (Islamic law)</subfield>
<subfield code="2">fast</subfield>
<subfield code="0">(OCoLC)fst00974775</subfield>
</datafield>
<datafield tag="651" ind1=" " ind2="7">
<subfield code="a">Islamic countries.</subfield>
<subfield code="2">fast</subfield>
<subfield code="0">(OCoLC)fst01244130</subfield>
</datafield>
<datafield tag="880" ind1="1" ind2=" ">
<subfield code="6">100-01/</subfield>
<subfield code="a">زرقاء، مصطفى احمد.</subfield>
</datafield>
<datafield tag="880" ind1="1" ind2="0">
<subfield code="6">245-02/</subfield>
<subfield code="a">عقد التعمين (السوكرة) و موقف الشريعة الاسلامية منه و هو محاضرة القيت في مؤتمر اسبوع الفقه الاسلامي الذي اقيم في دمشق في ١-٦ من نيسان/١٩٧١ مع المناقشات التي دارت حولها في المؤتمر.</subfield>
</datafield>
<datafield tag="880" ind1=" " ind2=" ">
<subfield code="6">260-03/</subfield>
<subfield code="a">دمشق:</subfield>
<subfield code="b">مطبعة جامعة دمشق،</subfield>
<subfield code="c">١٩٦٢.</subfield>
</datafield>
<datafield tag="OWN" ind1=" " ind2=" ">
<subfield code="a">GENERAL</subfield>
</datafield>
<datafield tag="AVA" ind1=" " ind2=" ">
<subfield code="a">NYU50</subfield>
<subfield code="b">BOBST</subfield>
<subfield code="c">Main Collection</subfield>
<subfield code="d">HD7236 .Z3</subfield>
<subfield code="e">unavailable</subfield>
<subfield code="t">Unavailable</subfield>
<subfield code="f">1</subfield>
<subfield code="g">1</subfield>
<subfield code="h">N</subfield>
<subfield code="i">1</subfield>
<subfield code="j">MAIN</subfield>
<subfield code="k">0</subfield>
</datafield>
</record>
